@unpublished{Git,
	author = {Dominik Stocklasser},
	title = {Systemtechnikschwerpunkt 4.KlasseVersionskontrolleVersion
	},
	date = {12.02.2018},
}

,@online{OpenCVBild,
	url = {https://www.google.com/imgres?imgurl=https%3A%2F%2Fopencv.org%2Fwp-content%2Fuploads%2F2019%2F02%2Fopencv-logo-1.png&imgrefurl=https%3A%2F%2Fopencv.org%2F&docid=bk2cK6wdUxgMYM&tbnid=BHGj0QUCoS4CjM%3A&vet=10ahUKEwiT_IPsqKzmAhVM-aQKHQNcAjgQMwh3KAAwAA..i&w=512&h=512&itg=1&bih=576&biw=1366&q=opencv&ved=0ahUKEwiT_IPsqKzmAhVM-aQKHQNcAjgQMwh3KAAwAA&iact=mrc&uact=8},
}


,@online{DebianBild,
	url = {https://www.google.com/search?rlz=1C1GGRV_enAL753AL753&biw=1366&bih=576&tbm=isch&sxsrf=ACYBGNQ9s-sOUP2K5YJ_TPdkR9G7feLepw%3A1576022986105&sa=1&ei=yjPwXZz7BaXgkgWTv4eICw&q=debian&oq=debia&gs_l=img.3.0.0i67l6j0l4.10804.12283..14300...1.0..0.166.825.0j6......0....1..gws-wiz-img.......35i39.fbB2uG6SnFE#},
}


@online{PythonBild,
url = {https://www.google.com/imgres?imgurl=https%3A%2F%2Fictslab.com%2Fwp-content%2Fuploads%2F2019%2F03%2Fd1326ca6cca8038cd115a061b4e2b3bc-840x430.png&imgrefurl=https%3A%2F%2Fictslab.com%2Fen%2F6-reasons-why-python-is-the-future-programming-language%2F&docid=UKwQ11G91v7GOM&tbnid=0aCNc7utSq-s0M%3A&vet=10ahUKEwjjz_T5pqzmAhXQsKQKHV0PDN4QMwh7KAkwCQ..i&w=840&h=430&bih=576&biw=1366&q=python%20programming&ved=0ahUKEwjjz_T5pqzmAhXQsKQKHV0PDN4QMwh7KAkwCQ&iact=mrc&uact=8},
}


@online{RaspberryBild,
	url = {https://www.google.com/imgres?imgurl=https%3A%2F%2Fwww.element14.com%2Fcommunity%2Fcommunity%2Fimage%2F2475%2F2.png&imgrefurl=https%3A%2F%2Fwww.element14.com%2Fcommunity%2Fcommunity%2Fraspberry-pi&docid=SexjLuPxEC3YHM&tbnid=h-hlStmFtIyOqM%3A&vet=10ahUKEwiWwYbLpqzmAhUMyaQKHfamDZAQMwiTAihQMFA..i&w=320&h=320&bih=576&biw=1366&q=raspberry%20pi&ved=0ahUKEwiWwYbLpqzmAhUMyaQKHfamDZAQMwiTAihQMFA&iact=mrc&uact=8},
	}

@online{GitBild,
	url = {https://www.google.com/search?rlz=1C1GGRV_enAL753AL753&biw=1366&bih=576&tbm=isch&sxsrf=ACYBGNTout4ebIbjJD3KkDdfub0V5SFv1w%3A1576022753156&sa=1&ei=4TLwXbyLCcTWkwX-7pvQBQ&q=git&oq=git&gs_l=img.3..0l10.56666.56955..57700...0.0..0.132.490.0j4......0....1..gws-wiz-img.......0i67j35i39j0i3.QugfO_VouHo&ved=0ahUKEwj8_--ipqzmAhVE66QKHX73BloQ4dUDCAc&uact=5#},
}


@online{FritzingBild,
	url = {https://www.google.com/imgres?imgurl=https%3A%2F%2Fpbs.twimg.com%2Fprofile_images%2F378800000547620716%2Ff4a72078c6bdb3d379894da3ebd09270_400x400.png&imgrefurl=https%3A%2F%2Ftwitter.com%2Ffritzingorg&docid=QHWNrnPTdZnKkM&tbnid=_LdE_o8j5JTS_M%3A&vet=10ahUKEwj8_--ipqzmAhVE66QKHX73BloQMwimASgjMCM..i&w=400&h=400&bih=576&biw=1366&q=fritzing&ved=0ahUKEwj8_--ipqzmAhVE66QKHX73BloQMwimASgjMCM&iact=mrc&uact=8},
}

@online{MysqlBild,
	url = {https://www.google.com/imgres?imgurl=https%3A%2F%2Fcdn.worldvectorlogo.com%2Flogos%2Fmysql.svg&imgrefurl=https%3A%2F%2Fworldvectorlogo.com%2Flogo%2Fmysql&docid=tIz-HXUbbG9S5M&tbnid=Bgugh_pvo8X-JM%3A&vet=10ahUKEwiDtYDsqazmAhVNKuwKHRzPBGEQMwhuKAAwAA..i&w=2500&h=1733&bih=576&biw=1366&q=mysql%20logo&ved=0ahUKEwiDtYDsqazmAhVNKuwKHRzPBGEQMwhuKAAwAA&iact=mrc&uact=8},
}


@online{MariadbBild,
	url = {https://www.google.com/imgres?imgurl=https%3A%2F%2Fmariadb.org%2Fwp-content%2Fuploads%2F2015%2F10%2Fmariadb-usa-inc.png&imgrefurl=https%3A%2F%2Fmariadb.org%2F&docid=E6-SRGvYz0UkdM&tbnid=Flj2ERTV48QWWM%3A&vet=10ahUKEwjv-NmDqqzmAhWEzqQKHTiWB8IQMwhkKAIwAg..i&w=340&h=175&bih=576&biw=1366&q=mariadb%20logo&ved=0ahUKEwjv-NmDqqzmAhWEzqQKHTiWB8IQMwhkKAIwAg&iact=mrc&uact=8},
}

@unpublished{StructedDesign,
	author = {Dominik Stocklasser},
	title = {Systemtechnikschwerpunkt 4.KlasseSystementwicklungVersion 01.10Autor: Dominik Stocklasser
	},
	date = {16.09.2018},
	OPTurldate = {18.10.2018},
}

@online{Taster,
	ALTauthor = {DeinElektriker},
	title = {Unterschied Taster als Schließer, Taster als Wechsler und Schalter},
	url = {https://dein-elektriker-info.de/taster-als-schliesser-und-taster-als-wechsler/},
	OPTurldate = {07.11.2019},
}

@online{OpenCV,
	ALTauthor = {OpenCV team},
	title = {OpenCV},
	url = {https://opencv.org/about/},
	OPTurldate = {07.11.2019},
}

@online{Linux,
	ALTauthor = {1997-2019 SPI},
	title = {Gründe für die Wahl von Debian},
	date = {25.01.2012},
	url = {https://www.debian.org/intro/why_debian.de.html},
	OPTurldate = {10.12.2019},
}

